@inproceedings{F10,
 author = {Vadym Fedyukovych},
 title = {Proving outcome of private statistical signal testing},
 booktitle = {IEEE SMSDP},
 pages = {172--175},
 year = {2010},
}

@misc{F363,
 author = {Vadym Fedyukovych},
 title = {An argument for {Hamiltonicity}},
 howpublished = {Cryptology ePrint Archive, Report 2008/363},
 year = {2008},
}

@inproceedings{CF12,
 author = {Di Crescenzo, Giovanni and Fedyukovych, Vadym},
 title = {Zero-Knowledge Proofs via Polynomial Representations},
 booktitle = {{MFCS}},
 pages = {335--347},
 year = {2012}
} 

@misc{Idemix,
 author = {Jan Camenisch},
 title = {Specification of the Identity Mixer Cryptographic Library {RZ~3730} Version 2.3.0},
 year = {2010},
 url = {"http://domino.research.ibm.com/library/cyberdig.nsf/papers/EEB54FF3B91C1D648525759B004FBBB1/$File/rz3730_revised.pdf"},
}

@misc{PollackTrevino,
 title = {Finding Four Squares in {Lagrange}'s Theorem},
 author = {Paul Pollack and Enrique Trevino},
 url = {http://pollack.uga.edu/finding4squares.pdf},
}

@inproceedings{Lipmaa03,
 author    = {Helger Lipmaa},
 title     = {On Diophantine Complexity and Statistical Zero-Knowledge Arguments},
 booktitle = {{ASIACRYPT}},
 series    = {Lecture Notes in Computer Science},
 volume    = {2894},
 pages     = {398--415},
 publisher = {Springer},
 year      = {2003}
}

@book{BrandsPKIbook,
 author = {Brands, Stefan A.},
 title = {Rethinking Public Key Infrastructures and Digital Certificates: Building in Privacy},
 year = {2000},
 isbn = {0262024918},
 publisher = {MIT Press},
 address = {Cambridge, MA, USA},
 url = {https://www.credentica.com/the_mit_pressbook.html}
}

@article{Schnorr91,
 title={Efficient Signature Generation by Smart Cards},
 journal={J. Cryptology},
 volume={4},
 pages={161-174},
 author={Claus-Peter Schnorr},
 year={1991},
 url = {}
}

@inproceedings{Quisquater89,
 author = {Quisquater, Jean-Jacques and Quisquater, Myriam and Quisquater, Muriel and Quisquater, Micha\"{e}l and Guillou, Louis C. and Guillou, Marie Annick and Guillou, Ga\"{\i}d and Guillou, Anna and Guillou, Gwenol{\'e} and Guillou, Soazig and Berson, Thomas A.},
 title = {How to Explain Zero-Knowledge Protocols to Your Children},
 booktitle = {{CRYPTO}},
 year = {1990},
 pages = {628--631},
 publisher = {Springer-Verlag},
 url = {pages.cs.wisc.edu/~mkowalcz/628.pdf},
}

@inproceedings{PedersenCommit,
 author={Torben P. Pedersen},
 title={Non-Interactive and Information-Theoretic Secure Verifiable Secret Sharing},
 booktitle={{CRYPTO}},
 series={Lecture Notes in Computer Science},
 volume={576},
 pages={129-140},
 publisher={Springer},
 year={1991},
 url = {}
}

@inproceedings{BellarePoK,
 author = {Bellare, Mihir and Goldreich, Oded},
 title = {On Defining Proofs of Knowledge},
 booktitle = {{CRYPTO}},
 series={Lecture Notes in Computer Science},
 volume={740},
 pages = {390--420},
 publisher = {Springer},
 year = {1993},
 url = {https://cseweb.ucsd.edu/~mihir/papers/pok.html}
}

@article{GMW,
 author = {Goldreich, Oded and Micali, Silvio and Wigderson, Avi},
 title = {Proofs That Yield Nothing but Their Validity or All Languages in NP Have Zero-knowledge Proof Systems},
 journal = {J. ACM},
 issue_date = {July 1991},
 volume = {38},
 number = {3},
 month = jul,
 year = {1991},
 pages = {690--728},
 publisher = {ACM},
 url={https://people.csail.mit.edu/silvio/Selected%20Scientific%20Papers/Zero%20Knowledge/Proofs_That_Yield_Nothing_But_Their_Validity_or_All_Languages_in_NP_Have_Zero-Knowledge_Proof_Systems.pdf}
}

@inproceedings{Goldwasser85,
 author = {Goldwasser, S and Micali, S and Rackoff, C},
 title = {The Knowledge Complexity of Interactive Proof-systems},
 booktitle = {Proceedings of the Seventeenth Annual ACM Symposium on Theory of Computing},
 series = {{STOC}},
 year = {1985},
 pages = {291--304},
 publisher = {ACM},
 address = {New York, NY, USA},
 url = {https://people.csail.mit.edu/silvio/Selected%20Scientific%20Papers/Proof%20Systems/The_Knowledge_Complexity_Of_Interactive_Proof_Systems.pdf}
}
